@misc{JohnsenEspen2018,
  abstract = {Masteroppgave i informatikk INF399},
  publisher = {The University of Bergen},
  year = {2018},
  title = {Reliable Asynchronous Communication in Distributed Systems},
  copyright = {Copyright the Author. All rights reserved},
  language = {eng},
  author = {Johnsen, Espen},
  keywords = {actor model ; Akka ; clustering ; consistency ; Domain-driven design ; event sourcing ; gossip protocol ; microservices},
  howpublished = {\url{https://bora.uib.no/bora-xmlui/bitstream/handle/1956/17638/Master.pdf}},
  note = {Piekļūts 2022.04.20.} 
}
@misc{CarlHewitt2010,
  author    = {Hewitt, Carl},
  title     = {Actor Model for Discretionary, Adaptive Concurrency},
  journal   = {CoRR},
  volume    = {abs/1008.1459},
  year      = {2010},
  howpublished = {\url{http://arxiv.org/abs/1008.1459}},
  eprinttype = {arXiv},
  eprint    = {1008.1459},
  timestamp = {Mon, 13 Aug 2018 16:46:18 +0200},
  biburl    = {https://dblp.org/rec/journals/corr/abs-1008-1459.bib},
  bibsource = {dblp computer science bibliography, https://dblp.org},
  note = {Piekļūts 2022.04.20.} 
}
@misc{MarkusJuraAkka,
  language = {eng},
  author = {Jura, Markus},
  title = {Introducing Akka},
  howpublished={\url{http://markusjura.github.io/akka-intro-slides/}},
  note = {Piekļūts 2022.04.20.} 
}
@misc{VeinbahsKrisjanis2021,
  publisher = {Latvijas Universitāte},
  language = {lv},
  year = {2021},
  author = {Veinbahs, Krišjānis},
  title = {Attālinātas aparatūras pieejas nodrošināšana digitālās projektēšanas kursā},
  note = {Piekļūts 2022.04.20.}
}
@misc{LightbendAkka2619,
  language = {eng},
  author = {Lightbend},
  title = {Akka Documentation},
  howpublished = {\url{https://doc.akka.io/docs/akka/current/typed/guide/}},
  version = {2.6.19},
  note = {Piekļūts 2022.04.20.} 
}
@misc{JeremieChassaing2021,
  title = {Functional Event Sourcing Decider},
  author = {Chassaing, Jeremie},
  year = {2021},
  howpublished = {\url{https://thinkbeforecoding.com/post/2021/12/17/functional-event-sourcing-decider}},
  language = {eng},
  note = {Piekļūts 2022.04.20.} 
}
@misc{LarryMassengale2018,
  author = {Massengale, Larry},
  title = {Digital Systems Design, book 3: Latch-Flip-Flop Circuits and Characteristics of Digital Circuits},
  year = {2018},
  language = {eng},
  howpublished = {\url{https://ebookcentral-proquest-com.datubazes.lanet.lv/lib/lulv/detail.action?docID=5639119}},
  note = {Piekļūts 2022.04.20.} 
}
@misc{VeinbahsKrisjanisTestbed,
  author = {Veinbahs, Krišjānis},
  language = {eng},
  title = {DIP Testbed},
  year = {2022}, 
  howpublished = {\url{https://github.com/kshaa/dip-testbed}},
  note = {Piekļūts 2022.04.20.} 
}
@misc{VeinbahsKrisjanisThesis,
  author = {Veinbahs, Krišjānis},
  language = {eng},
  title = {DIP Testbed Thesis},
  year = {2022}, 
  howpublished = {\url{https://github.com/kshaa/dip-testbed-thesis}},
  note = {Piekļūts 2022.04.23.} 
}
@misc{SparkfunSerial,
  author = {Sparkfun},
  title = {Serial Communication},
  language = {eng},
  howpublished = {\url{https://learn.sparkfun.com/tutorials/serial-communication/all}},
  note = {Piekļūts 2022.04.23.} 
}
@misc{DigilentAnvylReference,
  author = {Digilent},
  title = {Anvyl Reference Manual},
  howpublished = {\url{https://digilent.com/reference/programmable-logic/anvyl/reference-manual}},
  language = {eng},
  note = {Piekļūts 2022.04.23.} 
}
@misc{AlDanialCloc,
  author = {Danial, Al},
  title = {cloc},
  howpublished = {\url{https://github.com/AlDanial/cloc}},
  language = {eng},
  note = {Piekļūts 2022.04.29.} 
}
@misc{VeinbahsKrisjanisProduction,
  author = {Veinbahs, Krišjānis},
  language = {eng},
  title = {DIP Testbed produkcijas platforma},
  year = {2022}, 
  howpublished = {\url{http://testbed.veinbahs.lv}},
  note = {Piekļūts 2022.04.29.} 
}
@misc{Bernstein2014,
  author = {Bernstein, Phil and Bykov, Sergey and Geller, Alan and Kliot, Gabriel and Thelin, Jorgen},
  title = {Orleans: Distributed Virtual Actors for Programmability and Scalability},
  year = {2014},
  howpublished = {\url{https://www.microsoft.com/en-us/research/publication/orleans-distributed-virtual-actors-for-programmability-and-scalability/}},
  number = {MSR-TR-2014-41},
  note = {Piekļūts 2022.04.29.} 
}
@misc{RFC2616,
  author = {Roy T. Fielding and James Gettys and Jeffrey C. Mogul and Henrik Frystyk Nielsen and Larry Masinter and Paul J. Leach and Tim Berners-Lee},
  title = {Hypertext Transfer Protocol -- HTTP/1.1},
  type = {RFC},
  number = {2616},
  year = {1999},
  issn = {2070-1721},
  publisher = {RFC Editor},
  institution = {RFC Editor},
  howpublished = {\url{http://www.rfc-editor.org/rfc/rfc2616.txt}},
  note = {Piekļūts 2022.04.29.} 
}
@misc{RFC3533,
  author = {S. Pfeiffer},
  title = {The Ogg Encapsulation Format Version 0},
  type = {RFC},
  number = {3533},
  year = {2003},
  issn = {2070-1721},
  publisher = {RFC Editor},
  institution = {RFC Editor},
  howpublished = {\url{https://datatracker.ietf.org/doc/html/rfc3533}},
  note = {Piekļūts 2022.04.29.} 
}
@misc{BNFPlayground,
  author = {Kline, Paul},
  title = {BNF Playground},
  year = {2020},
  howpublished = {\url{https://bnfplayground.pauliankline.com/}},
  note = {Piekļūts 2022.04.29.} 
}
@misc{VeinbahsKrisjanisDemo,
  author = {Veinbahs, Krisjanis},
  year = {2022},
  title = {Remote FPGA development and usage on the DIP platform},
  howpublished = {\url{https://youtu.be/3WXkdk0-lA4}},
  note = {Piekļūts 2022.04.30.} 
}
@misc{DockerBuildx,
  author = {Docker},
  title = {Docker Buildx},
  howpublished = {\url{https://docs.docker.com/buildx/working-with-buildx}},
  note = {Piekļūts 2022.04.30.} 
}
@misc{VaishnavAnuj2018,
  author={Vaishnav, Anuj and Pham, Khoa Dang and Koch, Dirk},
  booktitle={2018 28th International Conference on Field Programmable Logic and Applications (FPL)}, 
  title={A Survey on FPGA Virtualization}, 
  year={2018},
  pages={131-1317},
  doi={10.1109/FPL.2018.00031},
  howpublished = {\url{https://www.research.manchester.ac.uk/portal/files/76394258/A_survey_on_FPGA_Virtualization.pdf}},
  note = {Piekļūts 2022.05.17.} 
}
@misc{WangWei2013,
  author={Wei Wang and Bolic, Miodrag and Parri, Jonathan},
  booktitle={2013 International Conference on Hardware/Software Codesign and System Synthesis (CODES+ISSS)}, 
  title={pvFPGA: Accessing an FPGA-based hardware accelerator in a paravirtualized environment}, 
  year={2013},
  pages={1-9},
  doi={10.1109/CODES-ISSS.2013.6658997},
  howpublished={\url{https://ieeexplore.ieee.org/document/6658997}},
  note = {Piekļūts 2022.05.17.} 
}
@misc{AsiaticiMikhail2017,
  author={Asiatici, Mikhail and George, Nithin and Vipin, Kizheppatt and Fahmy, Suhaib A. and Ienne, Paolo},
  journal={IEEE Access}, 
  title={Virtualized Execution Runtime for FPGA Accelerators in the Cloud}, 
  year={2017},
  volume={5},
  number={},
  pages={1900-1910},
  doi={10.1109/ACCESS.2017.2661582},
  howpublished={\url{https://ieeexplore.ieee.org/document/7840018}},
  note = {Piekļūts 2022.05.17.} 
}
@misc{HerreraAlzu2013,
  author={Herrera-Alzu, I. and Lopez-Vallejo, M.},
  journal={IEEE Transactions on Nuclear Science}, 
  title={Design Techniques for Xilinx Virtex FPGA Configuration Memory Scrubbers}, 
  year={2013},
  volume={60},
  number={1},
  pages={376-385},
  doi={10.1109/TNS.2012.2231881},
  howpublished={\url{https://oa.upm.es/29551/1/INVE_MEM_2013_167277.pdf}},
  note = {Piekļūts 2022.05.17.} 
}
@misc{WikiFabs,
  author={Wikipedia},
  title={List of semiconductor fabrication plants},
  howpublished={\url{https://en.wikipedia.org/wiki/List_of_semiconductor_fabrication_plants}},
  note = {Piekļūts 2022.05.17.} 
}
@misc{DatZ3074,
  title={Ievads digitālajā projektēšanā},
  author={LUIS},
  howpublished={\url{https://luis.lu.lv/pls/pub/kursi.kurss_dati?l=1&p_kods=2DAT3255}},
  note = {Piekļūts 2022.05.17.} 
}
@misc{XilinxSpartan6,
  title={Xilinx Spartan-6 FPGA Boards},
  author={HuMANDATA LTD.},
  howpublished={\url{https://www2.hdl.co.jp/en/xilinx-series1/spartan-6.html}},
  note = {Piekļūts 2022.05.20.} 
}
@misc{iCE40,
  title={iCE40 LP/HX - Low-power, high-performance FPGA},
  author={Lattice Semiconductors},
  howpublished={\url{https://www.latticesemi.com/iCE40}},
  note = {Piekļūts 2022.05.20.} 
}
